@article{gonzaga2023,
  title={Identifica{\c{c}}{\~a}o e medi{\c{c}}{\~a}o de defeitos em produtos automotivos usando vis{\~a}o computacional},
  author={Gonzaga, Leandro Gonzaga},
  year={2023},
  publisher={Serra}
}